@book{pierce,
    author = {Pierce, Benjamin C.},
    title = {Types and Programming Languages},
    year = {2002},
    isbn = {0262162091, 9780262162098},
    edition = {1st},
    publisher = {The MIT Press},
}

@book{ttfp,
    author = {Nederpelt, Rob and Geuvers, Professor Herman},
    title = {Type Theory and Formal Proof: An Introduction},
    year = {2014},
    isbn = {9781107036505},
    edition = {1st},
    publisher = {Cambridge University Press},
    address = {New York, NY, USA},
}
